@article{Sargent1977-mq,
  title   = {Business cycle modeling without pretending to have too much a
             priori economic theory},
  author  = {Sargent, Thomas J and Sims, Christopher A and {Others}},
  journal = {New methods in Business Cycle Research},
  volume  = 1,
  pages   = {145--168},
  year    = 1977,
  url     = {http://www.tomsargent.com/research/sargentsimsBusinessCycleModeling.pdf}
}

@incollection{Geweke1977-eh,
  title     = {The dynamic factor analysis of economic time series},
  author    = {Geweke, J},
  booktitle = {Latent Variables in Socio-Economic Models},
  publisher = {North-Holland},
  year      = 1977,
  editor    = {D J Aigner and A S Goldberger},
  url       = {https://ci.nii.ac.jp/naid/10026983658/}
}

@inbook{Stock2011-nr,
  title     = {Dynamic Factor Models},
  author    = {Stock, James H and Watson, Mark W},
  publisher = {Oxford University Press},
  month     = {8~} # jul,
  year      = 2011,
  url       = {https://academic.oup.com/edited-volume/28323/chapter/215051272},
  doi       = {10.1093/oxfordhb/9780195398649.013.0003}
}

@incollection{Doz2020-bk,
  title     = {Dynamic Factor Models},
  booktitle = {Macroeconomic Forecasting in the Era of Big Data: Theory and
               Practice},
  author    = {Doz, Catherine and Fuleky, Peter},
  editor    = {Fuleky, Peter},
  publisher = {Springer International Publishing},
  pages     = {27--64},
  year      = 2020,
  url       = {https://doi.org/10.1007/978-3-030-31150-6_2},
  address   = {Cham},
  isbn      = {9783030311506},
  doi       = {10.1007/978-3-030-31150-6\_2}
}

@article{Bai2008-of,
  title     = {Large Dimensional Factor Analysis},
  author    = {Bai, Jushan and Ng, Serena},
  journal   = {Foundations and Trends\textregistered{} in Econometrics},
  publisher = {Now Publishers},
  volume    = 3,
  number    = 2,
  pages     = {89--163},
  year      = 2008,
  url       = {http://dx.doi.org/10.1561/0800000002},
  issn      = {1551-3076},
  doi       = {10.1561/0800000002}
}

@incollection{Stock2016-kg,
  title     = {Chapter 8 - Dynamic Factor Models, {Factor-Augmented} Vector
               Autoregressions, and Structural Vector Autoregressions in
               Macroeconomics},
  booktitle = {Handbook of Macroeconomics},
  author    = {Stock, J H and Watson, M W},
  editor    = {Taylor, John B and Uhlig, Harald},
  publisher = {Elsevier},
  volume    = 2,
  pages     = {415--525},
  month     = {1~} # jan,
  year      = 2016,
  url       = {https://www.sciencedirect.com/science/article/pii/S1574004816300027},
  doi       = {10.1016/bs.hesmac.2016.04.002}
}

@article{Lam2012-li,
  title     = {Factor modeling for high-dimensional time series: Inference for
               the number of factors},
  author    = {Lam, Clifford and Yao, Qiwei},
  journal   = {Annals of Statistics},
  publisher = {Institute of Mathematical Statistics},
  volume    = 40,
  number    = 2,
  pages     = {694--726},
  month     = apr,
  year      = 2012,
  url       = {https://projecteuclid.org/journals/annals-of-statistics/volume-40/issue-2/Factor-modeling-for-high-dimensional-time-series--Inference-for/10.1214/12-AOS970.short},
  issn      = {0090-5364, 2168-8966},
  doi       = {10.1214/12-AOS970}
}

@article{Pan2008-xd,
  title     = {Modelling multiple time series via common factors},
  author    = {Pan, Jiazhu and Yao, Qiwei},
  journal   = {Biometrika},
  publisher = {Oxford Academic},
  volume    = 95,
  number    = 2,
  pages     = {365--379},
  month     = {1~} # jun,
  year      = 2008,
  url       = {https://academic.oup.com/biomet/article-pdf/95/2/365/623664/asn009.pdf},
  issn      = {0006-3444},
  doi       = {10.1093/biomet/asn009}
}

@article{Stock2002-pm,
  title     = {Forecasting Using Principal Components From a Large Number of
               Predictors},
  author    = {Stock, James H and Watson, Mark W},
  journal   = {J. American Statistical Association},
  publisher = {Taylor \& Francis},
  volume    = 97,
  number    = 460,
  pages     = {1167--1179},
  month     = {1~} # dec,
  year      = 2002,
  url       = {https://doi.org/10.1198/016214502388618960},
  issn      = {0162-1459},
  doi       = {10.1198/016214502388618960}
}

@article{Stock2002-mh,
  title     = {Macroeconomic Forecasting Using Diffusion Indexes},
  author    = {Stock, James H and Watson, Mark W},
  journal   = {J. Business \& Economic Statistics},
  publisher = {Taylor \& Francis},
  volume    = 20,
  number    = 2,
  pages     = {147--162},
  month     = {1~} # apr,
  year      = 2002,
  url       = {https://doi.org/10.1198/073500102317351921},
  issn      = {0735-0015},
  doi       = {10.1198/073500102317351921}
}

@article{Forni2003-bo,
  title     = {Do financial variables help forecasting inflation and real
               activity in the euro area?},
  author    = {Forni, Mario and Hallin, Marc and Lippi, Marco and Reichlin,
               Lucrezia},
  journal   = {J. Monetary Economics},
  publisher = {Elsevier},
  volume    = 50,
  number    = 6,
  pages     = {1243--1255},
  month     = {1~} # sep,
  year      = 2003,
  url       = {https://www.sciencedirect.com/science/article/pii/S0304393203000795},
  issn      = {0304-3932},
  doi       = {10.1016/S0304-3932(03)00079-5}
}

@article{Panagiotelis2019-yi,
  title   = {Macroeconomic forecasting for {Australia} using a large number of
             predictors},
  author  = {Panagiotelis, Anastasios and Athanasopoulos, George and Hyndman,
             Rob J and Jiang, Bin and Vahid, Farshid},
  journal = {International J. Forecasting},
  volume  = 35,
  number  = 2,
  pages   = {616--633},
  month   = {1~} # apr,
  year    = 2019,
  url     = {http://www.sciencedirect.com/science/article/pii/S0169207019300056},
  issn    = {0169-2070},
  doi     = {10.1016/j.ijforecast.2018.12.002}
}

@article{Pena2004-ra,
  title     = {Forecasting with nonstationary dynamic factor models},
  author    = {Pe{\~n}a, Daniel and Poncela, Pilar},
  journal   = {J. Econometrics},
  publisher = {Elsevier},
  volume    = 119,
  number    = 2,
  pages     = {291--321},
  month     = {1~} # apr,
  year      = 2004,
  url       = {https://www.sciencedirect.com/science/article/pii/S0304407603001982},
  issn      = {0304-4076},
  doi       = {10.1016/S0304-4076(03)00198-2}
}

@article{Boivin2005-mh,
  title   = {Understanding and Comparing {Factor-Based} Forecasts},
  author  = {Boivin, Jean and Ng, Serena},
  year    = 2005,
  journal = {International J Central Banking},
  volume  = 1,
  number  = 3,
  pages   = {117-151}
}

@article{Doz2012-bv,
  title     = {A quasi--maximum likelihood approach for large, approximate
               dynamic factor models},
  author    = {Doz, Catherine and Giannone, Domenico and Reichlin, Lucrezia},
  journal   = {Review of Economics \& Statistics},
  publisher = {MIT Press - Journals},
  volume    = 94,
  number    = 4,
  pages     = {1014--1024},
  month     = {1~} # nov,
  year      = 2012,
  url       = {https://direct.mit.edu/rest/article-abstract/94/4/1014/58032},
  issn      = {0034-6535, 1530-9142},
  doi       = {10.1162/rest\_a\_00225}
}

@inproceedings{Bontempi2017-tx,
  title     = {A Dynamic Factor Machine Learning Method for Multi-variate and
               {Multi-step-Ahead} Forecasting},
  booktitle = {2017 {IEEE} International Conference on Data Science and
               Advanced Analytics ({DSAA})},
  author    = {Bontempi, Gianluca and Le Borgne, Yann-A{\"e}l and de Stefani,
               Jacopo},
  pages     = {222--231},
  month     = oct,
  year      = 2017,
  url       = {http://dx.doi.org/10.1109/DSAA.2017.1},
  doi       = {10.1109/DSAA.2017.1}
}

@article{De_Stefani2019-jm,
  title     = {Batch and incremental dynamic factor machine learning for
               multivariate and multi-step-ahead forecasting},
  author    = {De Stefani, Jacopo and Le Borgne, Yann-AÃ«l and Caelen, Olivier
               and Hattab, Dalila and Bontempi, Gianluca},
  journal   = {International J Data Science \& Analytics},
  publisher = {Springer Science and Business Media LLC},
  volume    = 7,
  number    = 4,
  pages     = {311--329},
  month     = {1~} # jun,
  year      = 2019,
  url       = {https://doi.org/10.1007/s41060-018-0150-x},
  issn      = {2364-4168, 2364-4168},
  doi       = {10.1007/s41060-018-0150-x}
}

@phdthesis{DeStefani2022-pq,
  author      = {De Stefani, Jacopo},
  year        = {2022},
  month       = {02},
  institution = {Universit\'{e} Libre de Bruxelles},
  title       = {Towards multivariate multi-step-ahead time series forecasting : A machine learning perspective}
}

@article{Vincent2010-un,
  title     = {Stacked denoising autoencoders: Learning useful representations
               in a deep network with a local denoising criterion},
  author    = {Vincent, Pascal and Larochelle, Hugo and Lajoie, Isabelle and
               Bengio, Yoshua and Manzagol, Pierre-Antoine and Bottou, L{\'e}on},
  journal   = {J. Machine Learning Research},
  publisher = {jmlr.org},
  volume    = 11,
  number    = 12,
  pages     = {3371--3408},
  year      = 2010,
  url       = {https://www.jmlr.org/papers/volume11/vincent10a/vincent10a.pdf?ref=https%3A%2F%2Fgithubhelp.com},
  issn      = {1532-4435}
}

@article{Kramer1991-lp,
  title     = {Nonlinear principal component analysis using autoassociative
               neural networks},
  author    = {Kramer, Mark A},
  journal   = {AIChE J.},
  publisher = {Wiley},
  volume    = 37,
  number    = 2,
  pages     = {233--243},
  month     = feb,
  year      = 1991,
  url       = {https://onlinelibrary.wiley.com/doi/10.1002/aic.690370209},
  issn      = {0001-1541, 1547-5905},
  doi       = {10.1002/aic.690370209}
}

@article{BenTaieb2012-ad,
  title     = {A review and comparison of strategies for multi-step ahead time
               series forecasting based on the {NN5} forecasting competition},
  author    = {Ben Taieb, Souhaib and Bontempi, Gianluca and Atiya, Amir F and
               Sorjamaa, Antti},
  journal   = {Expert Systems with Applications},
  publisher = {Elsevier},
  volume    = 39,
  number    = 8,
  pages     = {7067--7083},
  month     = {15~} # jun,
  year      = 2012,
  url       = {https://www.sciencedirect.com/science/article/pii/S0957417412000528},
  issn      = {0957-4174},
  doi       = {10.1016/j.eswa.2012.01.039}
}

@article{DeStefani2021-nt,
  title     = {{Factor-Based} Framework for Multivariate and Multi-step-ahead
               Forecasting of Large Scale Time Series},
  author    = {De Stefani, Jacopo and Bontempi, Gianluca},
  journal   = {Frontiers in Big Data},
  publisher = {frontiersin.org},
  volume    = 4,
  pages     = {690267},
  month     = {10~} # sep,
  year      = 2021,
  url       = {http://dx.doi.org/10.3389/fdata.2021.690267},
  issn      = {2624-909X},
  pmid      = {34568817},
  doi       = {10.3389/fdata.2021.690267},
  pmc       = {PMC8460934}
}

@inproceedings{Goerg2013-yu,
  title      = {Forecastable Component Analysis},
  booktitle  = {Proceedings of the 30th International Conference on Machine Learning},
  address    = {Atlanta, Georgia},
  author     = {Goerg, Georg},
  pages      = {64--72},
  year       = 2013,
  url        = {http://proceedings.mlr.press/v28/goerg13.pdf},
  conference = {International Conference on Machine Learning}
}

@book{Jolliffe2002-kj,
  title     = {Principal Component Analysis},
  author    = {Jolliffe, I T},
  publisher = {Springer, New York, NY},
  year      = 2002,
  url       = {https://link.springer.com/book/10.1007/b98835},
  doi       = {10.1007/b98835}
}

@article{Shannon1948-bo,
  title     = {A mathematical theory of communication},
  author    = {Shannon, C E},
  journal   = {The Bell System Technical Journal},
  publisher = {Wiley Online Library},
  volume    = 27,
  number    = 3,
  pages     = {379--423},
  month     = jul,
  year      = 1948,
  url       = {http://dx.doi.org/10.1002/j.1538-7305.1948.tb01338.x},
  issn      = {0005-8580},
  doi       = {10.1002/j.1538-7305.1948.tb01338.x}
}

@article{Shepard1962-ap,
  title     = {The analysis of proximities: Multidimensional scaling with an
               unknown distance function. {I}},
  author    = {Shepard, Roger N},
  journal   = {Psychometrika},
  publisher = {Springer},
  volume    = 27,
  number    = 2,
  pages     = {125--140},
  month     = {1~} # jun,
  year      = 1962,
  url       = {https://doi.org/10.1007/BF02289630},
  issn      = {0033-3123, 1860-0980},
  doi       = {10.1007/BF02289630}
}

@article{Shepard1962-rg,
  title     = {The analysis of proximities: Multidimensional scaling with an
               unknown distance function. {II}},
  author    = {Shepard, Roger N},
  journal   = {Psychometrika},
  publisher = {Springer},
  volume    = 27,
  number    = 3,
  pages     = {219--246},
  month     = {1~} # sep,
  year      = 1962,
  url       = {https://doi.org/10.1007/BF02289621},
  issn      = {0033-3123, 1860-0980},
  doi       = {10.1007/BF02289621}
}

@article{Kruskal1964-hm,
  title     = {Nonmetric multidimensional scaling: A numerical method},
  author    = {Kruskal, J B},
  journal   = {Psychometrika},
  publisher = {Springer Science and Business Media LLC},
  volume    = 29,
  number    = 2,
  pages     = {115--129},
  month     = jun,
  year      = 1964,
  url       = {http://cda.psych.uiuc.edu/psychometrika_highly_cited_articles/kruskal_1964b.pdf},
  issn      = {0033-3123, 1860-0980},
  doi       = {10.1007/bf02289694}
}

@article{Kruskal1964-we,
  title     = {Multidimensional scaling by optimizing goodness of fit to a
               nonmetric hypothesis},
  author    = {Kruskal, J B},
  journal   = {Psychometrika},
  publisher = {Springer},
  volume    = 29,
  number    = 1,
  pages     = {1--27},
  month     = {1~} # mar,
  year      = 1964,
  url       = {https://doi.org/10.1007/BF02289565},
  issn      = {0033-3123, 1860-0980},
  doi       = {10.1007/BF02289565}
}

@article{Roweis2000-vu,
  title     = {Nonlinear dimensionality reduction by locally linear embedding},
  author    = {Roweis, S T and Saul, L K},
  journal   = {Science},
  publisher = {science.org},
  volume    = 290,
  number    = 5500,
  pages     = {2323--2326},
  month     = {22~} # dec,
  year      = 2000,
  url       = {http://dx.doi.org/10.1126/science.290.5500.2323},
  issn      = {0036-8075},
  pmid      = {11125150},
  doi       = {10.1126/science.290.5500.2323}
}

@article{Tenenbaum2000-qr,
  title     = {A global geometric framework for nonlinear dimensionality
               reduction},
  author    = {Tenenbaum, J B and de Silva, V and Langford, J C},
  journal   = {Science},
  publisher = {science.org},
  volume    = 290,
  number    = 5500,
  pages     = {2319--2323},
  month     = {22~} # dec,
  year      = 2000,
  url       = {http://dx.doi.org/10.1126/science.290.5500.2319},
  issn      = {0036-8075},
  pmid      = {11125149},
  doi       = {10.1126/science.290.5500.2319}
}

@article{RdimRed,
  author  = {Guido Kraemer and Markus Reichstein and Miguel D. Mahecha},
  title   = {{dimRed} and {coRanking}---Unifying Dimensionality Reduction in R},
  year    = {2018},
  journal = {The R Journal},
  url     = {https://journal.r-project.org/archive/2018/RJ-2018-039/index.html},
  pages   = {342--358},
  volume  = {10},
  number  = {1}
}

@manual{R,
  title        = {R: A Language and Environment for Statistical Computing},
  author       = {{R Core Team}},
  organization = {R Foundation for Statistical Computing},
  address      = {Vienna, Austria},
  year         = {2022},
  url          = {https://www.R-project.org/}
}

@unpublished{Cheng2021-wr,
  title  = {Computationally Efficient Learning of Statistical Manifolds},
  author = {Cheng, Fan and Panagiotelis, Anastasios and Hyndman, Rob J},
  year   = 2022,
  url    = {https://doi.org/10.48550/arXiv.2103.11773}
}

@incollection{Dijkstra2022-wh,
  title     = {A Note on Two Problems in Connexion with Graphs},
  booktitle = {Edsger Wybe Dijkstra: His {Life,Work}, and Legacy},
  author    = {Dijkstra, E W},
  publisher = {Association for Computing Machinery},
  volume    = 45,
  pages     = {287--290},
  edition   = 1,
  month     = {13~} # jul,
  year      = 2022,
  url       = {https://doi.org/10.1145/3544585.3544600},
  address   = {New York, NY, USA},
  isbn      = {9781450397735},
  doi       = {10.1145/3544585.3544600}
}

@article{Floyd1962-zv,
  title     = {Algorithm 97: Shortest path},
  author    = {Floyd, Robert W},
  journal   = {Communications of the ACM},
  publisher = {Association for Computing Machinery},
  volume    = 5,
  number    = 6,
  pages     = {345},
  month     = {1~} # jun,
  year      = 1962,
  url       = {https://doi.org/10.1145/367766.368168},
  address   = {New York, NY, USA},
  issn      = {0001-0782},
  doi       = {10.1145/367766.368168}
}

@article{Belkin2003-cc,
  title     = {Laplacian Eigenmaps for Dimensionality Reduction and Data
               Representation},
  author    = {Belkin, Mikhail and Niyogi, Partha},
  journal   = {Neural Computation},
  publisher = {ieeexplore.ieee.org},
  volume    = 15,
  number    = 6,
  pages     = {1373--1396},
  month     = jun,
  year      = 2003,
  url       = {http://dx.doi.org/10.1162/089976603321780317},
  issn      = {0899-7667},
  doi       = {10.1162/089976603321780317}
}

@book{Hyndman2021-xn,
  title     = {Forecasting: Principles and Practice},
  author    = {Hyndman, Rob J and Athanasopoulos, George},
  publisher = {OTexts: Melbourne},
  edition   = 3,
  month     = {31~} # may,
  year      = 2021,
  url       = {OTexts.com/fpp3},
  isbn      = {9780987507136}
}

@article{Hyndman2002-is,
  title   = {A state space framework for automatic forecasting using
             exponential smoothing methods},
  author  = {Hyndman, Rob J and Koehler, Anne B and Snyder, Ral and Grose,
             Simone},
  journal = {International J. Forecasting},
  volume  = 18,
  number  = 3,
  pages   = {439--454},
  month   = {1~} # jul,
  year    = 2002,
  url     = {https://www.sciencedirect.com/science/article/pii/S0169207001001108},
  issn    = {0169-2070},
  doi     = {10.1016/S0169-2070(01)00110-8}
}

@book{Hyndman2008-nw,
  title     = {Forecasting with Exponential Smoothing: The State Space Approach},
  author    = {Hyndman, Rob and Koehler, Anne B and Keith Ord, J and Snyder,
               Ralph D},
  publisher = {Springer Science \& Business Media},
  month     = {19~} # jun,
  year      = 2008,
  url       = {https://play.google.com/store/books/details?id=GSyzox8Lu9YC},
  isbn      = {9783540719182}
}

@article{Hyndman2008-jn,
  title     = {Automatic Time Series Forecasting: The forecast Package for {R}},
  author    = {Hyndman, Rob J and Khandakar, Yeasmin},
  journal   = {J. Statistical Software},
  publisher = {jstatsoft.org},
  volume    = 27,
  pages     = {1--22},
  year      = 2008,
  url       = {https://www.jstatsoft.org/article/view/v027i03},
  issn      = {1548-7660, 1548-7660},
  doi       = {10.18637/jss.v027.i03}
}

@article{Koning2005-ch,
  title     = {The {M3} competition: Statistical tests of the results},
  author    = {Koning, Alex J and Franses, Philip Hans and Hibon, Mich{\`e}le
               and Stekler, H O},
  journal   = {International J. Forecasting},
  publisher = {Elsevier},
  volume    = 21,
  number    = 3,
  pages     = {397--409},
  month     = {1~} # jul,
  year      = 2005,
  url       = {https://www.sciencedirect.com/science/article/pii/S0169207004000810},
  issn      = {0169-2070},
  doi       = {10.1016/j.ijforecast.2004.10.003}
}

@article{Makridakis2000-by,
  title     = {The {M3-Competition}: results, conclusions and implications},
  author    = {Makridakis, Spyros and Hibon, Mich{\`e}le},
  journal   = {International J. Forecasting},
  publisher = {Elsevier},
  volume    = 16,
  number    = 4,
  pages     = {451--476},
  month     = {1~} # oct,
  year      = 2000,
  url       = {http://www.sciencedirect.com/science/article/pii/S0169207000000571},
  issn      = {0169-2070},
  doi       = {10.1016/S0169-2070(00)00057-1}
}

@manual{Rforecast,
  title  = {{forecast}: Forecasting functions for time series and linear models},
  author = {Rob Hyndman and George Athanasopoulos and Christoph Bergmeir and Gabriel Caceres and Leanne Chhay and Mitchell O'Hara-Wild and Fotios Petropoulos and Slava Razbash and Earo Wang and Farah Yasmeen},
  year   = {2023},
  note   = {R package version 8.20},
  url    = {https://pkg.robjhyndman.com/forecast/}
}

@article{Nelder1965-ga,
  title     = {A Simplex Method for Function Minimization},
  author    = {Nelder, J A and Mead, R},
  journal   = {The Computer Journal},
  publisher = {Oxford Academic},
  volume    = 7,
  number    = 4,
  pages     = {308--313},
  month     = {1~} # jan,
  year      = 1965,
  url       = {https://academic.oup.com/comjnl/article-abstract/7/4/308/354237},
  issn      = {0010-4620},
  doi       = {10.1093/comjnl/7.4.308}
}

@article{Cavanaugh1997-mi,
  title     = {Unifying the derivations for the Akaike and corrected Akaike
               information criteria},
  author    = {Cavanaugh, Joseph E},
  journal   = {Statistics \& Probability Letters},
  publisher = {Elsevier},
  volume    = 33,
  number    = 2,
  pages     = {201--208},
  month     = {30~} # apr,
  year      = 1997,
  url       = {https://www.sciencedirect.com/science/article/pii/S0167715296001289},
  issn      = {0167-7152},
  doi       = {10.1016/S0167-7152(96)00128-9}
}

@article{Bergmeir2016-yx,
  title   = {Bagging exponential smoothing methods using {STL} decomposition
             and {BoxâCox} transformation},
  author  = {Bergmeir, Christoph and Hyndman, Rob J and BenÃ­tez, JosÃ© M},
  journal = {International J Forecasting},
  volume  = 32,
  number  = 2,
  pages   = {303--312},
  month   = {1~} # apr,
  year    = 2016,
  url     = {https://www.sciencedirect.com/science/article/pii/S0169207015001120},
  issn    = {0169-2070},
  doi     = {10.1016/j.ijforecast.2015.07.002}
}

@book{Lahiri2003-yy,
  title     = {Resampling Methods for Dependent Data},
  author    = {Lahiri, S K and Lahiri, S N},
  publisher = {Springer Science \& Business Media},
  month     = {7~} # aug,
  year      = 2003,
  url       = {https://play.google.com/store/books/details?id=e4f8sqm439UC},
  isbn      = {9780387009285}
}

@article{Goncalves2011-qo,
  title   = {Discussion: Bootstrap methods for dependent data: A review},
  author  = {Gon{\c c}alves, S{\'\i}lvia and Politis, Dimitris},
  journal = {J. Korean Statistical Society},
  volume  = 40,
  number  = 4,
  pages   = {383--386},
  month   = {1~} # dec,
  year    = 2011,
  url     = {https://www.sciencedirect.com/science/article/pii/S1226319211000664},
  issn    = {1226-3192},
  doi     = {10.1016/j.jkss.2011.07.003}
}

@article{Kunsch1989-pw,
  title     = {The Jackknife and the Bootstrap for General Stationary
               Observations},
  author    = {Kunsch, Hans R},
  journal   = {Annals of Statistics},
  publisher = {Institute of Mathematical Statistics},
  volume    = 17,
  number    = 3,
  pages     = {1217--1241},
  year      = 1989,
  url       = {http://www.jstor.org/stable/2241719},
  issn      = {0090-5364}
}

@article{Box1964-iy,
  title     = {An Analysis of Transformations},
  author    = {Box, G E P and Cox, D R},
  journal   = {J. R. Stat. Soc. Series B Statistical Methodology},
  publisher = {John Wiley \& Sons, Ltd},
  volume    = 26,
  number    = 2,
  pages     = {211--243},
  month     = {1~} # jul,
  year      = 1964,
  url       = {https://doi.org/10.1111/j.2517-6161.1964.tb00553.x},
  issn      = {1369-7412, 0035-9246},
  doi       = {10.1111/j.2517-6161.1964.tb00553.x}
}

@article{Bickel1981-hv,
  title     = {An analysis of transformations revisited},
  author    = {Bickel, Peter J and Doksum, Kjell A},
  journal   = {J. American Statistical Association},
  publisher = {Informa UK Limited},
  volume    = 76,
  number    = 374,
  pages     = {296--311},
  month     = jun,
  year      = 1981,
  url       = {https://www.tandfonline.com/doi/abs/10.1080/01621459.1981.10477649},
  issn      = {0162-1459, 1537-274X},
  doi       = {10.1080/01621459.1981.10477649}
}

@article{Wickramasuriya2020-ge,
  title     = {Optimal non-negative forecast reconciliation},
  author    = {Wickramasuriya, Shanika L and Turlach, Berwin A and Hyndman, Rob
               J},
  journal   = {Statistical Computping},
  publisher = {Springer Science and Business Media LLC},
  volume    = 30,
  number    = 5,
  pages     = {1167--1182},
  month     = {1~} # sep,
  year      = 2020,
  url       = {https://doi.org/10.1007/s11222-020-09930-0},
  issn      = {0960-3174},
  doi       = {10.1007/s11222-020-09930-0}
}

@article{Guerrero1993-zo,
  title     = {Time-series analysis supported by power transformations},
  author    = {Guerrero, Victor M},
  journal   = {J. Forecasting},
  publisher = {Wiley},
  volume    = 12,
  number    = 1,
  pages     = {37--48},
  month     = jan,
  year      = 1993,
  url       = {https://onlinelibrary.wiley.com/doi/10.1002/for.3980120104},
  issn      = {0277-6693, 1099-131X},
  doi       = {10.1002/for.3980120104}
}

@techreport{Friedman1984-ou,
  title       = {A variable span smoother},
  author      = {Friedman, Jerome H},
  publisher   = {apps.dtic.mil},
  institution = {Stanford Univ CA lab for computational statistics},
  year        = 1984,
  url         = {https://apps.dtic.mil/sti/citations/ADA148241}
}
% The entry below contains non-ASCII chars that could not be converted
% to a LaTeX equivalent.

@article{Cleveland1990-fc,
  title     = {{STL}: A seasonal-trend decomposition procedure based on loess},
  author    = {Cleveland, Robert B and Cleveland, William S and McRae, Jean E
               and Terpenning, Irma},
  journal   = {J. Official Statistics},
  publisher = {nniiem.ru},
  volume    = 6,
  number    = 1,
  pages     = {3--73},
  year      = 1990,
  url       = {http://www.nniiem.ru/file/news/2016/stl-statistical-model.pdf},
  issn      = {0282-423X, 2001-7367}
}

@article{Bandara2021-ec,
  title   = {{MSTL}: A Seasonal-Trend Decomposition Algorithm for Time Series with Multiple Seasonal Patterns},
  author  = {Kasun Bandara and Rob J Hyndman and Christoph Bergmeir},
  year    = 2022,
  journal = {International J Operational Research},
  note    = {to appear},
  url     = {robjhyndman.com/publications/mstl/}
}

@incollection{Cleveland2017-yy,
  title     = {Local regression models},
  booktitle = {Statistical models in {S}},
  author    = {Cleveland, William S and Grosse, Eric and Shyu, William M},
  publisher = {Routledge},
  pages     = {309--376},
  year      = 2017,
  url       = {https://www.taylorfrancis.com/chapters/edit/10.1201/9780203738535-8/local-regression-models-william-cleveland-eric-grosse-william-shyu}
}

@manual{Rfeasts,
  title  = {feasts: Feature Extraction and Statistics for Time Series},
  author = {Mitchell O'Hara-Wild and Rob Hyndman and Earo Wang},
  year   = {2022},
  note   = {R package version 0.3.0},
  url    = {https://CRAN.R-project.org/package=feasts}
}

@manual{RForeCA,
  title  = {ForeCA: An R package for Forecastable Component Analysis},
  author = {Georg M. Goerg},
  year   = {2020},
  note   = {R package version 0.2.7},
  url    = {https://CRAN.R-project.org/package=ForeCA}
}

@article{Fulcher2013-aq,
  title   = {Highly comparative time-series analysis: the empirical structure
             of time series and their methods},
  author  = {Fulcher, Ben D and Little, Max A and Jones, Nick S},
  journal = {J. R. Soc. Interface},
  volume  = 10,
  number  = 83,
  pages   = {20130048},
  month   = {6~} # jun,
  year    = 2013,
  url     = {http://dx.doi.org/10.1098/rsif.2013.0048},
  issn    = {1742-5689, 1742-5662},
  pmid    = {23554344},
  doi     = {10.1098/rsif.2013.0048},
  pmc     = {PMC3645413}
}

@article{Fulcher2014-my,
  title     = {Highly Comparative {Feature-Based} {Time-Series} Classification},
  author    = {Fulcher, Ben D and Jones, Nick S},
  journal   = {IEEE Transactions on Knowledge \& Data Engineering},
  publisher = {ieeexplore.ieee.org},
  volume    = 26,
  number    = 12,
  pages     = {3026--3037},
  month     = dec,
  year      = 2014,
  url       = {http://dx.doi.org/10.1109/TKDE.2014.2316504},
  issn      = {1041-4347, 1558-2191},
  doi       = {10.1109/TKDE.2014.2316504}
}

@incollection{Fulcher2017-hu,
  title     = {Feature-based time-series analysis},
  author    = {Fulcher, Ben D},
  booktitle = {Feature engineering for machine learning and data analytics},
  year      = 2018,
  chapter   = 4,
  pages     = {87-116},
  publisher = {CRC Press},
  url       = {https://www.taylorfrancis.com/chapters/edit/10.1201/9781315181080-4/feature-based-time-series-analysis-ben-fulcher},
  doi       = {10.1201/9781315181080-4/feature-based-time-series-analysis-ben-fulcher}
}

@article{Fulcher2017-zl,
  title   = {hctsa: A Computational Framework for Automated {Time-Series}
             Phenotyping Using Massive Feature Extraction},
  author  = {Fulcher, Ben D and Jones, Nick S},
  journal = {Cell Systems},
  volume  = 5,
  number  = 5,
  pages   = {527--531.e3},
  month   = {22~} # nov,
  year    = 2017,
  url     = {http://dx.doi.org/10.1016/j.cels.2017.10.001},
  issn    = {2405-4712},
  pmid    = {29102608},
  doi     = {10.1016/j.cels.2017.10.001}
}

@article{Wang2006-jo,
  title   = {{Characteristic-Based} Clustering for Time Series Data},
  author  = {Wang, Xiaozhe and Smith, Kate and Hyndman, Rob},
  journal = {Data Mining \& Knowledge Discovery},
  volume  = 13,
  number  = 3,
  pages   = {335--364},
  month   = {1~} # nov,
  year    = 2006,
  url     = {https://doi.org/10.1007/s10618-005-0039-x},
  issn    = {1384-5810},
  doi     = {10.1007/s10618-005-0039-x}
}

@article{Talagala2023-yi,
  title     = {Metaâlearning how to forecast time series},
  author    = {Talagala, Thiyanga S and Hyndman, Rob J and Athanasopoulos,
               George},
  journal   = {J Forecasting},
  publisher = {Wiley},
  year      = 2023,
  url       = {https://doi.org/10.1002/for.2963},
  doi       = {10.1002/for.2963}
}

@article{Montero-Manso2020-vl,
  title     = {{FFORMA}: Feature-based forecast model averaging},
  author    = {Montero-Manso, Pablo and Athanasopoulos, George and Hyndman, Rob
               J and Talagala, Thiyanga S},
  journal   = {International J Forecasting},
  publisher = {Elsevier},
  volume    = 36,
  number    = 1,
  pages     = {86--92},
  month     = {1~} # jan,
  year      = 2020,
  url       = {https://www.sciencedirect.com/science/article/pii/S0169207019300895},
  issn      = {0169-2070},
  doi       = {10.1016/j.ijforecast.2019.02.011}
}

@manual{Rtsfeatures,
  title  = {tsfeatures: Time Series Feature Extraction},
  author = {Rob Hyndman and Yanfei Kang and Pablo Montero-Manso and Thiyanga Talagala and Earo Wang and Yangzhuoran Fin Yang and Mitchell O'Hara-Wild},
  year   = {2022},
  note   = {R package version 1.1},
  url    = {https://CRAN.R-project.org/package=tsfeatures}
}

@inproceedings{Wagstaff2001-vc,
  title     = {Constrained k-means clustering with background knowledge},
  booktitle = {Proceedings of the 18th International Conference on Machine Learning},
  author    = {Kiri Wagstaff and Claire Cardie and Seth Rogers and Stefan Schr{\"o}dl},
  year      = 2001,
  pages     = {577-584},
  url       = {https://web.cse.msu.edu/~cse802/notes/ConstrainedKmeans.pdf}
}

@article{Hyndman2006-qo,
  title     = {Another look at measures of forecast accuracy},
  author    = {Hyndman, Rob J and Koehler, Anne B},
  journal   = {International J Forecasting},
  publisher = {Elsevier},
  volume    = 22,
  number    = 4,
  pages     = {679--688},
  month     = {1~} # oct,
  year      = 2006,
  url       = {http://www.sciencedirect.com/science/article/pii/S0169207006000239},
  issn      = {0169-2070},
  doi       = {10.1016/j.ijforecast.2006.03.001}
}

@article{Friedman1939-jc,
  title   = {A correction: The use of ranks to avoid the assumption of
             normality implicit in the analysis of variance},
  author  = {Friedman, M},
  journal = {J. American Statistical Association},
  year    = 1939,
  volume  = 34,
  number  = 205,
  pages   = 109
}

@article{Friedman1937-wm,
  title   = {The Use of Ranks to Avoid the Assumption of Normality Implicit
             in the Analysis of Variance},
  author  = {Friedman, Milton},
  journal = {J. American Statistical Association},
  volume  = 32,
  number  = 200,
  pages   = {675--701},
  month   = {1~} # dec,
  year    = 1937,
  url     = {https://www.tandfonline.com/doi/abs/10.1080/01621459.1937.10503522},
  issn    = {0162-1459},
  doi     = {10.1080/01621459.1937.10503522}
}

@phdthesis{Nemenyi1963-ub,
  title  = {Distribution-free multiple comparisons},
  author = {Nemenyi, Peter Bjorn},
  month  = {1~} # jan,
  year   = 1963,
  url    = {https://search.proquest.com/docview/302256074?pq-origsite=primo&accountid=12528},
  school = {Princeton University},
  isbn   = {9781084733008}
}

@book{Hollander2013-um,
  title     = {Nonparametric Statistical Methods},
  author    = {Hollander, Myles and Wolfe, Douglas A and Chicken, Eric},
  publisher = {John Wiley \& Sons},
  month     = {25~} # nov,
  year      = 2013,
  url       = {https://play.google.com/store/books/details?id=Y5s3AgAAQBAJ},
  isbn      = {9781118553299}
}

@article{Hall2006-yo,
  title     = {On properties of functional principal components analysis},
  author    = {Hall, Peter and Hosseini-Nasab, Mohammad},
  journal   = {J. R. Stat. Soc. Series B Statistical Methodology},
  publisher = {Oxford University Press (OUP)},
  volume    = 68,
  number    = 1,
  pages     = {109--126},
  month     = feb,
  year      = 2006,
  url       = {https://onlinelibrary.wiley.com/doi/10.1111/j.1467-9868.2005.00535.x},
  issn      = {1369-7412, 1467-9868},
  doi       = {10.1111/j.1467-9868.2005.00535.x}
}

@article{Haslett1989-xw,
  title     = {{Space-Time} Modelling with {Long-Memory} Dependence: Assessing
               Ireland's Wind Power Resource},
  author    = {Haslett, John and Raftery, Adrian E},
  journal   = {J. R. Stat. Soc. Series C Applied Statistics},
  publisher = {[Wiley, Royal Statistical Society]},
  volume    = 38,
  number    = 1,
  pages     = {1--50},
  year      = 1989,
  url       = {http://www.jstor.org/stable/2347679},
  issn      = {0035-9254, 1467-9876},
  doi       = {10.2307/2347679}
}

@ARTICLE{Wickramasuriya2019-oh,
  title     = "Optimal Forecast Reconciliation for Hierarchical and Grouped
               Time Series Through Trace Minimization",
  author    = "Wickramasuriya, Shanika L and Athanasopoulos, George and
               Hyndman, Rob J",
  journal   = "J. Am. Stat. Assoc.",
  publisher = "Taylor \& Francis",
  volume    =  114,
  number    =  526,
  pages     = "804--819",
  month     =  "3~" # apr,
  year      =  2019,
  url       = "https://doi.org/10.1080/01621459.2018.1448825",
  issn      = "0162-1459, 1537-274X",
  doi       = "10.1080/01621459.2018.1448825"
}

@ARTICLE{De_Stefani2021-nt,
  title     = "{Factor-Based} Framework for Multivariate and Multi-step-ahead
               Forecasting of Large Scale Time Series",
  author    = "De Stefani, Jacopo and Bontempi, Gianluca",
  journal   = "Front Big Data",
  publisher = "frontiersin.org",
  volume    =  4,
  pages     = "690267",
  month     =  "10~" # sep,
  year      =  2021,
  url       = "http://dx.doi.org/10.3389/fdata.2021.690267",
  language  = "en",
  issn      = "2624-909X",
  pmid      = "34568817",
  doi       = "10.3389/fdata.2021.690267",
  pmc       = "PMC8460934"
}

@ARTICLE{Agnew1982-xv,
  title     = "Econometric forecasting via discounted least squares",
  author    = "Agnew, Robert A",
  journal   = "Nav. Res. Logist. Q.",
  publisher = "Wiley",
  volume    =  29,
  number    =  2,
  pages     = "291--302",
  month     =  jun,
  year      =  1982,
  url       = "https://onlinelibrary.wiley.com/doi/10.1002/nav.3800290210",
  language  = "en",
  issn      = "0028-1441, 1931-9193",
  doi       = "10.1002/nav.3800290210"
}

@ARTICLE{Gross1990-wh,
  title     = "Disaggregation methods to expedite product line forecasting",
  author    = "Gross, Charles W and Sohl, Jeffrey E",
  journal   = "J. Forecast.",
  publisher = "Wiley",
  volume    =  9,
  number    =  3,
  pages     = "233--254",
  month     =  may,
  year      =  1990,
  url       = "http://doi.wiley.com/10.1002/for.3980090304",
  language  = "en",
  issn      = "0277-6693, 1099-131X",
  doi       = "10.1002/for.3980090304"
}

@ARTICLE{Orcutt1968-ta,
  title     = "Data Aggregation and Information Loss",
  author    = "Orcutt, Guy H and Watts, Harold W and Edwards, John B",
  journal   = "Am. Econ. Rev.",
  publisher = "American Economic Association",
  volume    =  58,
  number    =  4,
  pages     = "773--787",
  year      =  1968,
  url       = "http://www.jstor.org/stable/1815532",
  issn      = "0002-8282"
}

@ARTICLE{Dunn1976-ep,
  title     = "Aggregate versus Subaggregate Models in Local Area Forecasting",
  author    = "Dunn, D M and Williams, W H and Dechaine, T L",
  journal   = "J. Am. Stat. Assoc.",
  publisher = "Taylor \& Francis",
  volume    =  71,
  number    =  353,
  pages     = "68--71",
  month     =  "1~" # mar,
  year      =  1976,
  url       = "https://www.tandfonline.com/doi/abs/10.1080/01621459.1976.10481478",
  issn      = "0162-1459",
  doi       = "10.1080/01621459.1976.10481478"
}

@ARTICLE{Shlifer1979-qc,
  title     = "Aggregation and Proration in Forecasting",
  author    = "Shlifer, E and Wolff, R W",
  journal   = "Manage. Sci.",
  publisher = "INFORMS",
  volume    =  25,
  number    =  6,
  pages     = "594--603",
  month     =  "1~" # jun,
  year      =  1979,
  url       = "https://doi.org/10.1287/mnsc.25.6.594",
  issn      = "0025-1909",
  doi       = "10.1287/mnsc.25.6.594"
}

@ARTICLE{Athanasopoulos2009-is,
  title     = "Hierarchical forecasts for Australian domestic tourism",
  author    = "Athanasopoulos, George and Ahmed, Roman A and Hyndman, Rob J",
  journal   = "Int. J. Forecast.",
  publisher = "Elsevier",
  volume    =  25,
  number    =  1,
  pages     = "146--166",
  month     =  "1~" # jan,
  year      =  2009,
  url       = "https://www.sciencedirect.com/science/article/pii/S0169207008000691",
  issn      = "0169-2070",
  doi       = "10.1016/j.ijforecast.2008.07.004"
}

@ARTICLE{Hyndman2011-pn,
  title     = "Optimal combination forecasts for hierarchical time series",
  author    = "Hyndman, Rob J and Ahmed, Roman A and Athanasopoulos, George and
               Shang, Han Lin",
  journal   = "Comput. Stat. Data Anal.",
  publisher = "Elsevier",
  volume    =  55,
  number    =  9,
  pages     = "2579--2589",
  month     =  "1~" # sep,
  year      =  2011,
  url       = "https://www.sciencedirect.com/science/article/pii/S0167947311000971",
  issn      = "0167-9473",
  doi       = "10.1016/j.csda.2011.03.006"
}

@ARTICLE{Hyndman2016-tm,
  title     = "Fast computation of reconciled forecasts for hierarchical and
               grouped time series",
  author    = "Hyndman, Rob J and Lee, Alan J and Wang, Earo",
  journal   = "Comput. Stat. Data Anal.",
  publisher = "Elsevier",
  volume    =  97,
  pages     = "16--32",
  month     =  "1~" # may,
  year      =  2016,
  url       = "https://www.sciencedirect.com/science/article/pii/S016794731500290X",
  issn      = "0167-9473",
  doi       = "10.1016/j.csda.2015.11.007"
}

@ARTICLE{Panagiotelis2021-uh,
  title     = "Forecast reconciliation: A geometric view with new insights on
               bias correction",
  author    = "Panagiotelis, Anastasios and Athanasopoulos, George and
               Gamakumara, Puwasala and Hyndman, Rob J",
  journal   = "Int. J. Forecast.",
  publisher = "Elsevier",
  volume    =  37,
  number    =  1,
  pages     = "343--359",
  month     =  "1~" # jan,
  year      =  2021,
  url       = "https://www.sciencedirect.com/science/article/pii/S0169207020300911",
  issn      = "0169-2070",
  doi       = "10.1016/j.ijforecast.2020.06.004"
}

@ARTICLE{Johnson1984-hn,
  title     = "Extensions of Lipschitz mappings into a Hilbert space",
  author    = "Johnson, W B",
  journal   = "Contemp. Math.",
  publisher = "cir.nii.ac.jp",
  volume    =  26,
  pages     = "189--206",
  year      =  1984,
  url       = "https://cir.nii.ac.jp/crid/1571135650630973824",
  issn      = "0271-4132"
}

@ARTICLE{Dasgupta2003-jg,
  title     = "An elementary proof of a theorem of Johnson and Lindenstrauss",
  author    = "Dasgupta, Sanjoy and Gupta, Anupam",
  journal   = "Random Struct. Algorithms",
  publisher = "Wiley",
  volume    =  22,
  number    =  1,
  pages     = "60--65",
  month     =  jan,
  year      =  2003,
  url       = "https://onlinelibrary.wiley.com/doi/10.1002/rsa.10073",
  language  = "en",
  issn      = "1042-9832, 1098-2418",
  doi       = "10.1002/rsa.10073"
}

@Manual{Rdfms,
    title = {dfms: Dynamic Factor Models},
    author = {Sebastian Krantz and Rytis Bagdziunas},
    year = {2023},
    note = {R package version 0.2.1},
    url = {https://CRAN.R-project.org/package=dfms},
}

@Manual{RrandomForestSRC,
  title = {Fast Unified Random Forests for Survival, Regression, and
Classification (RF-SRC)},
  author = {H. Ishwaran and U.B. Kogalur},
  publisher = {manual},
  year = {2023},
  note = {R package version 3.2.1},
  url = {https://cran.r-project.org/package=randomForestSRC},
  pdf = {https://cran.r-project.org/web/packages/randomForestSRC/randomForestSRC.pdf},
}

@Article{RBoruta,
    title = {Feature Selection with the {Boruta} Package},
    author = {Miron B. Kursa and Witold R. Rudnicki},
    journal = {Journal of Statistical Software},
    year = {2010},
    volume = {36},
    number = {11},
    pages = {1--13},
    url = {https://doi.org/10.18637/jss.v036.i11},
  }
